@online {wiki-stat-classification,
	url = {https://en.wikipedia.org/wiki/Statistical_classification},
	urldate = {2018-11-20},
	title = {\textenglish{Statistical classification}},
}

