@online {tyamamoto-hopfield,
  title = {\textenglish{Hopfield Network}},
  subtitle = {\textenglish{Hopfield Network implemented with Python}},
  author = {\textenglish{takyamamoto}},
  url = {https://github.com/takyamamoto/Hopfield-Network},
  urldate = {2020-04-01},
}

@book{gurney-nnintro,
   title =     {\textenglish{An Introduction to Neural Networks}},
   author =    {\textenglish{Kevin Gurney}},
   publisher = {Wiley},
   isbn =      {1857286731},
   year =      {1997},
   series =    {},
   volume =    {},
}

@book{mackay-info-theory,
   title =     {\textenglish{Information Theory, Inference, and Learning Algorithms}},
   author =    {\textenglish{David J.C. MacKay}},
   publisher = {\textenglish{Cambridge University Press}},
   isbn =      {9780521642989},
   year =      {2003},
   series =    {},
   edition =   {},
   volume =    {},
}
