@book{tanenbaum-structured-comp-org,
   title =     {\textenglish{Structured computer organization}},
   author =    {\textenglish{Tanenbaum A.\,S., Austin T.}},
   publisher = {\textenglish{Pearson}},
   isbn =      {978-0-13-291652-3},
   year =      {2013},
   % series =    {\textenglish{Prentice Hall Series in Artificial Intelligence}},
   edition =   {6},
   % volume =    {},
}

