@online {ptb,
	title = {\textenglish{Python Telegram Bot}},
	url = {https://github.com/python-telegram-bot/python-telegram-bot},
	urldate = {2019-06-15},
}

@online {ptb-longpoll-webhooks,
	title = {\textenglish{Python Telegram Bot Wiki}},
	subtitle = {\textenglish{Webhooks}},
	date = {2017-12-31},
	author = {Jannes Höke and Rahiel Kasim and Adarsh Pathak},
	url = {https://github.com/python-telegram-bot/python-telegram-bot/wiki/Webhooks},
	urldate = {2019-06-23},
}

@online {ptb-docs-commandhandler,
	title = {\textenglish{Python Telegram Bot Documentation}},
	subtitle = {\textenglish{telegram.\-ext.\-Command\-Handler}},
	date = {2017-07-23},
	author = {Jannes Höke and Eldinnie},
	url = {https://python-telegram-bot.readthedocs.io/en/latest/telegram.ext.commandhandler.html},
	urldate = {2019-06-23},
}

@online {ptb-docs-messagehandler,
	title = {\textenglish{Python Telegram Bot Documentation}},
	subtitle = {\textenglish{telegram\-.ext\-.Message\-Handler}},
	date = {2017-07-23},
	author = {Jannes Höke and Eldinnie},
	url = {https://python-telegram-bot.readthedocs.io/en/latest/telegram.ext.messagehandler.html},
	urldate = {2019-06-23},
}

@online {ptb-docs-callbackqueryhandler,
	title = {\textenglish{Python Telegram Bot Documentation}},
	subtitle = {\textenglish{telegram\-.ext\-.Callback\-Query\-Handler}},
	date = {2017-07-23},
	author = {Jannes Höke and Eldinnie},
	url = {https://python-telegram-bot.readthedocs.io/en/latest/telegram.ext.callbackqueryhandler.html},
	urldate = {2019-06-23},
}

@online {ptb-docs-jobqueue,
	title = {\textenglish{Python Telegram Bot Documentation}},
	subtitle = {\textenglish{telegram\-.ext\-.Job\-Queue}},
	date = {2017-07-23},
	author = {Jannes Höke and Eldinnie},
	url = {https://python-telegram-bot.readthedocs.io/en/latest/telegram.ext.jobqueue.html},
	urldate = {2019-06-23},
}

@online {wiki-stat-classification,
	url = {https://en.wikipedia.org/wiki/Statistical_classification},
	urldate = {2018-11-20},
	title = {\textenglish{Statistical classification}},
}

@book{russel-norvig-ai-ma,
   title =     {\textenglish{Artificial Intelligence: A Modern Approach}},
   author =    {\textenglish{Stuart Russell, Peter Norvig}},
   publisher = {\textenglish{Prentice Hall}},
   isbn =      {9780136042594},
   year =      {2010},
   series =    {\textenglish{Prentice Hall Series in Artificial Intelligence}},
   edition =   {3},
   % volume =    {},
}

@book{murty-devy-pattern-rec,
   title =     {\textenglish{Pattern Recognition: An Algorithmic Approach}},
   author =    {\textenglish{Prof. M. Narasimha Murty, Dr. V. Susheela Devi}},
   publisher = {\textenglish{Springer-Verlag London}},
   isbn =      {978-0-85729-494-4},
   year =      {2011},
   series =    {\textenglish{Undergraduate Topics in Computer Science 0}},
   edition =   {1},
   volume =    {},
   % url =       {http://gen.lib.rus.ec/book/index.php?md5=f204fbe54cc06e0e8db0e9f59f681eec}
}

@book{montgomery-applied-stat,
   title =     {Applied Statistics and Probability for Engineers},
   author =    {Douglas C. Montgomery and George C. Runger},
   publisher = {Wiley},
   isbn =      {9781118539712},
   year =      {2014},
   series =    {},
   edition =   {6},
   volume =    {},
   % url =       {http://gen.lib.rus.ec/book/index.php?md5=f20ec9ee406e4fd41ccca22082a3de52}
}

@online {dataset-iris,
	author = {Robert A. Fischer}, 
	editor = {Michael Marshall},
	year = {1936},
	url = {https://archive.ics.uci.edu/ml/datasets/Iris},
	urldate = {2018-11-20},
	title = {\textenglish{Iris Data Set}},
}

