@BOOK{drotyanko-textbook,
	editor    = {Л. Г. Дротянко and О. А. Матюхіної and В. І. Онопрієнка and others},
	title     = {Філософія: Підручник},
	year      = {2012},
	publisher = {НАУ},
	location  = {Київ},
}

@BOOK{prichepiy-textbook,
	title     = {Філософія: Підручник},
	author    = {Є. М. Причепій and А. М. Черній and Л. А. Чекаль},
	edition   = {2 вид., випр., доп.},
	location  = {Київ},
	date      = {2005},
	publisher = {«Академвидав»},
}

@online{cisco-docwiki-fddi,
	title    = {Cisco DocWiki},
	subtitle = {FDDI},
	year     = {2018},
	url      = {https://docwiki.cisco.com/wiki/Fiber_Distributed_Data_Interface},
	urldate  = {2018-12-09},
}

@online{wiki-uk-fddi,
	title    = {Вікіпедія. Вільна енциклопедія},
	subtitle = {FDDI},
	year     = {2018},
	url      = {https://uk.wikipedia.org/wiki/FDDI},
	urldate  = {2018-12-09},
}


@book{olifer-networks-4th-ed,
	title     = {Компьютерные сети. Принципы, технологии, протоколы: Учебник для вузов},
	author    = {В. Г. Олифер and Н. А. Олифер},
	edition   = {4 вид.},
	location  = {СПб},
	date      = {2010},
	publisher = {«Питер»},
	pages     = {944},
}
