@BOOK{drotyanko-textbook,
	editor    = {Л. Г. Дротянко and О. А. Матюхіної and В. І. Онопрієнка and others},
	title     = {Філософія: Підручник},
	year      = {2012},
	publisher = {НАУ},
	location  = {Київ},
}

@BOOK{prichepiy-textbook,
	title     = {Філософія: Підручник},
	author    = {Є. М. Причепій and А. М. Черній and Л. А. Чекаль},
	edition   = {2 вид., випр., доп.},
	location  = {Київ},
	date      = {2005},
	publisher = {«Академвидав»},
}